<record><leader>00000cas a2200000 a 4500</leader><controlfield tag="001">13686289</controlfield><controlfield tag="008">860604d189719uuokudn ne      0    0eng d</controlfield><datafield ind1=" " ind2=" " tag="010"><subfield code="a">sn 86064126 </subfield></datafield><datafield ind1=" " ind2=" " tag="040"><subfield code="a">KSH</subfield><subfield code="b">eng</subfield><subfield code="c">KSH</subfield><subfield code="d">NPT</subfield><subfield code="d">OBN</subfield><subfield code="d">OCL</subfield><subfield code="d">OCLCQ</subfield><subfield code="d">OCLCF</subfield><subfield code="d">OCLCO</subfield></datafield><datafield ind1="1" ind2=" " tag="029"><subfield code="a">AU@</subfield><subfield code="b">000022169724</subfield></datafield><datafield ind1=" " ind2=" " tag="042"><subfield code="a">msc</subfield></datafield><datafield ind1=" " ind2=" " tag="043"><subfield code="a">n-us-ok</subfield></datafield><datafield ind1="0" ind2="4" tag="245"><subfield code="a">The Ponca City daily courier.</subfield></datafield><datafield ind1="3" ind2=" " tag="246"><subfield code="a">Daily courier</subfield></datafield><datafield ind1=" " ind2=" " tag="260"><subfield code="a">Ponca City, Okla. :</subfield><subfield code="b">Elbert W. Hoyt</subfield></datafield><datafield ind1=" " ind2=" " tag="300"><subfield code="a">v.</subfield></datafield><datafield ind1=" " ind2=" " tag="310"><subfield code="a">Daily (except Sunday)</subfield></datafield><datafield ind1="0" ind2=" " tag="362"><subfield code="a">Vol. 1, no. 1 (Oct. 4, 1897)-</subfield></datafield><datafield ind1=" " ind2=" " tag="580"><subfield code="a">Merged with: Ponca City democrat, and : Ponca City daily democrat, to form: Ponca City daily news and the daily democrat and daily courier.</subfield></datafield><datafield ind1=" " ind2="0" tag="651"><subfield code="a">Ponca City (Okla.)</subfield><subfield code="v">Newspapers.</subfield></datafield><datafield ind1=" " ind2="0" tag="651"><subfield code="a">Kay County (Okla.)</subfield><subfield code="v">Newspapers.</subfield></datafield><datafield ind1=" " ind2="7" tag="655"><subfield code="a">Newspapers.</subfield><subfield code="2">fast</subfield><subfield code="0">(OCoLC)fst01423814</subfield></datafield><datafield ind1=" " ind2="7" tag="651"><subfield code="a">Oklahoma</subfield><subfield code="z">Kay County.</subfield><subfield code="2">fast</subfield><subfield code="0">(OCoLC)fst01206445</subfield></datafield><datafield ind1=" " ind2="7" tag="651"><subfield code="a">Oklahoma</subfield><subfield code="z">Ponca City.</subfield><subfield code="2">fast</subfield><subfield code="0">(OCoLC)fst01220330</subfield></datafield><datafield ind1=" " ind2=" " tag="752"><subfield code="a">United States</subfield><subfield code="b">Oklahoma</subfield><subfield code="c">Kay</subfield><subfield code="d">Ponca City.</subfield></datafield><datafield ind1="0" ind2=" " tag="775"><subfield code="t">Ponca City courier</subfield><subfield code="w">(DLC)sn 86064129</subfield><subfield code="w">(OCoLC)13764192</subfield></datafield><datafield ind1="0" ind2="7" tag="785"><subfield code="t">Ponca City daily democrat</subfield></datafield><datafield ind1="0" ind2="7" tag="785"><subfield code="t">Ponca City democrat</subfield><subfield code="w">(DLC)sn 97064854</subfield><subfield code="w">(OCoLC)36836014</subfield></datafield><datafield ind1="0" ind2="7" tag="785"><subfield code="t">Ponca City daily news and the daily democrat and daily courier</subfield><subfield code="w">(DLC)sn 97064856</subfield><subfield code="w">(OCoLC)36836539</subfield></datafield></record>